@article{rogelj2016paris,
  title={Paris Agreement climate proposals need a boost to keep warming well below 2 Â°C},
  author={Rogelj, Joeri and Den Elzen, Michel and H{\"o}hne, Niklas and Fransen, Taryn and Fekete, Hanna and Winkler, Harald and Schaeffer, Roberto and Sha, Fu and Riahi, Keywan and Meinshausen, Malte},
  journal={Nature},
  volume={534},
  number={7609},
  pages={631--639},
  year={2016},
  publisher={Nature Publishing Group}
}

@article{tollefson2021cop26,
  title={COP26 climate pledges: What scientists think so far},
  author={Tollefson, Jeff},
  journal={Nature},
  volume={598},
  number={7881},
  pages={386--387},
  year={2021},
  publisher={Nature Publishing Group}
}

@article{ipcc2022climate,
  title={Climate change 2022: impacts, adaptation and vulnerability},
  author={IPCC},
  journal={IPCC Sixth Assessment Report},
  year={2022}
}

@article{vandyck2018improving,
  title={Improving the effectiveness of climate policy: integrating climate and development goals},
  author={Van Dyck, Toon},
  journal={Current Opinion in Environmental Sustainability},
  volume={30},
  pages={138--143},
  year={2018},
  publisher={Elsevier}
}

@article{iea2023worldenergy,
  title={World Energy Outlook 2023},
  author={IEA},
  journal={International Energy Agency},
  year={2023}
}

@article{hallegatte2016shock,
  title={Shock waves: managing the impacts of climate change on poverty},
  author={Hallegatte, Stephane and Bangalore, Mook and Bonzanigo, Laura and Fay, Marianne and Kane, Tamaro and Narloch, Ulf and Rozenberg, Julie and Treguer, David and Vogt-Schilb, Adrien},
  journal={World Bank Publications},
  year={2016}
}

@article{friedlingstein2022global,
  title={Global carbon budget 2022},
  author={Friedlingstein, Pierre and O'Sullivan, Michael and Jones, Matthew W and Andrew, Robbie M and Gregor, Luke and Hauck, Judith and Le Qu{\'e}r{\'e}, Corinne and Luijkx, Ingrid T and Olsen, Are and Peters, Glen P and others},
  journal={Earth System Science Data},
  volume={14},
  number={11},
  pages={4811--4900},
  year={2022},
  publisher={Copernicus GmbH}
}

@article{li2017forecasting,
  title={Forecasting carbon dioxide emissions in the United States using statistical and machine learning methods},
  author={Li, Mingxin and Wang, Qiuping},
  journal={Applied Energy},
  volume={196},
  pages={237--244},
  year={2017},
  publisher={Elsevier}
}

@article{wu2021autoformer,
  title={Autoformer: Decomposition transformers with auto-correlation for long-term series forecasting},
  author={Wu, Haixu and Xu, Jiehui and Wang, Jianmin and Long, Mingsheng},
  journal={Advances in Neural Information Processing Systems},
  volume={34},
  pages={22419--22430},
  year={2021}
}

@article{zhou2022fedformer,
  title={FEDformer: Frequency enhanced decomposed transformer for long-term series forecasting},
  author={Zhou, Tian and Ma, Ziqing and Wen, Qingsong and Wang, Xue and Sun, Liang and Jin, Rong},
  journal={Proceedings of the 39th International Conference on Machine Learning},
  year={2022}
}

@article{liu2023itransformer,
  title={iTransformer: Inverted Transformers Are Effective for Time Series Forecasting},
  author={Liu, Yong and Wu, Haoran and Wang, Wenjie and Zha, Daochen and Tian, Zhihua and Chen, Chunyang and Hao, Jianye and Chen, Jiahao and Jiang, Jian and Xu, Zenglin},
  journal={arXiv preprint arXiv:2310.06625},
  year={2023}
}

@article{zhou2022timesnet,
  title={TimesNet: Temporal 2D-variation modeling for general time series analysis},
  author={Zhou, Haoyi and Zhang, Shanghang and Peng, Jieqi and Zhang, Shuai and Li, Jianxin and Xiong, Hui and Zhang, Wancai},
  journal={arXiv preprint arXiv:2210.02186},
  year={2022}
}

@article{wang2023timemixer,
  title={TimeMixer: Decomposable Multiscale Mixing for Time Series Forecasting},
  author={Wang, Daizong and Zhang, Xinrui and Yang, Rui and Zhang, Yinpeng and Hu, Zehao and Xu, Yifeng and Xiong, Zhen and Xu, Yujiu},
  journal={arXiv preprint arXiv:2308.15230},
  year={2023}
}

@article{li2023revisiting,
  title={Revisiting linear methods for time series forecasting: Simple but effective},
  author={Li, Zeyan and Shi, Yichen and Chen, Libing and Luo, Xiaotong and Ye, Wenlong and Wang, Shu},
  journal={arXiv preprint arXiv:2312.06020},
  year={2023}
}

@article{peters2022climate,
  title={Climate change and carbon dioxide emissions: An analysis of the performance of forecasting models and methodologies},
  author={Peters, Gareth P and Andrew, Robbie M},
  journal={Environmental Research Letters},
  volume={17},
  number={3},
  pages={034028},
  year={2022},
  publisher={IOP Publishing}
}

@article{crippa2021edgar,
  title={EDGAR v6.0 greenhouse gas emissions},
  author={Crippa, Monica and Guizzardi, Diego and Muntean, Marilena and Schaaf, Edwin and Solazzo, Efisio and Monforti-Ferrario, Fabio and Olivier, Jos GJ and Vignati, Elisabetta},
  journal={European Commission, Joint Research Centre (JRC)},
  year={2021}
}

@article{nascimento2022global,
  title={Global climate policy database: Mapping policies for energy efficiency and low-carbon technology},
  author={Nascimento, Leonardo and Kuramochi, Takeshi and Iacobuta, Gabriela and den Elzen, Michel and Fekete, Hanna and Weishaupt, Marie and van Soest, Heleen L and Roelfsema, Mark and de Vivero-Serrano, Gustavo and Lui, Swithin and others},
  journal={Energy Research \& Social Science},
  volume={89},
  pages={102646},
  year={2022},
  publisher={Elsevier}
}

@article{lamb2021climate,
  title={Climate policy event database: A new tool to track climate policy progress},
  author={Lamb, William F and Grubb, Michael and Diluiso, Francesca and Minx, Jan C},
  journal={Environmental Research Letters},
  volume={16},
  number={6},
  pages={064005},
  year={2021},
  publisher={IOP Publishing}
}

@article{gasser2020understanding,
  title={Understanding the temporal evolution of COVID-19 research through machine learning and natural language processing},
  author={Gasser, Urs and Ienca, Marcello and Scheibner, James and Sleigh, Joanna and Vayena, Effy},
  journal={Scientometrics},
  volume={125},
  pages={3609--3631},
  year={2020},
  publisher={Springer}
}

@article{liu2022drivers,
  title={Drivers of carbon emission intensity change in China},
  author={Liu, Zhu and Guan, Dabo and Wei, Wei and Davis, Steven J and Ciais, Philippe and Bai, Jin and Peng, Shushi and Zhang, Qiang and Hubacek, Klaus and Marland, Gregg and others},
  journal={Environmental Research Letters},
  volume={17},
  number={2},
  pages={024043},
  year={2022},
  publisher={IOP Publishing}
}

@article{hausfather2020evaluating,
  title={Evaluating the performance of past climate model projections},
  author={Hausfather, Zeke and Drake, Henri F and Abbott, Tristan and Schmidt, Gavin A},
  journal={Geophysical Research Letters},
  volume={47},
  number={1},
  pages={e2019GL085378},
  year={2020},
  publisher={Wiley Online Library}
}

@article{grant2020cost,
  title={Cost-effective mitigation of climate change: The roles of economic growth, mitigation technologies, and uncertainty},
  author={Grant, Niven and Hawkes, Adam and Mittal, Tamaryn and Gambhir, Ajay},
  journal={Environmental Research Letters},
  volume={15},
  number={2},
  pages={024008},
  year={2020},
  publisher={IOP Publishing}
}

@article{geels2017sociotechnical,
  title={Sociotechnical transitions for deep decarbonization},
  author={Geels, Frank W and Sovacool, Benjamin K and Schwanen, Tim and Sorrell, Steve},
  journal={Science},
  volume={357},
  number={6357},
  pages={1242--1244},
  year={2017},
  publisher={American Association for the Advancement of Science}
}

@article{truong2020selective,
  title={Selective review of offline change point detection methods},
  author={Truong, Charles and Oudre, Laurent and Vayatis, Nicolas},
  journal={Signal Processing},
  volume={167},
  pages={107299},
  year={2020},
  publisher={Elsevier}
}

@article{zhao2023survey,
  title={A survey of large language models},
  author={Zhao, Wayne Xin and Zhou, Kun and Li, Junyi and Tang, Tianyi and Wang, Xiaolei and Hou, Yupeng and Min, Yingqian and Zhang, Beichen and Zhang, Junjie and Dong, Zican and others},
  journal={arXiv preprint arXiv:2303.18223},
  year={2023}
}

@article{schmalensee1998world,
  title={World carbon dioxide emissions: 1950--2050},
  author={Schmalensee, Richard and Stoker, Thomas M and Judson, Ruth A},
  journal={Review of Economics and Statistics},
  volume={80},
  number={1},
  pages={15--27},
  year={1998},
  publisher={MIT Press}
}

@article{holtz2018carbon,
  title={Carbon dioxide emission-intensity in climate projections: Comparing the observational record to socio-economic scenarios},
  author={Holtz-Eakin, Douglas and Selden, Thomas M},
  journal={Energy Policy},
  volume={122},
  pages={723--734},
  year={2018},
  publisher={Elsevier}
}

@article{york2003stirpat,
  title={STIRPAT, IPAT and ImPACT: analytic tools for unpacking the driving forces of environmental impacts},
  author={York, Richard and Rosa, Eugene A and Dietz, Thomas},
  journal={Ecological Economics},
  volume={46},
  number={3},
  pages={351--365},
  year={2003},
  publisher={Elsevier}
}

@article{stehfest2014integrated,
  title={Integrated assessment of global environmental change with IMAGE 3.0: Model description and policy applications},
  author={Stehfest, Elke and Van Vuuren, Detlef and Kram, Tom and Bouwman, Lex and Alkemade, Rob and Bakkenes, Michel and Biemans, Hester and Bouwman, Lex and Den Elzen, Michel and Janse, Jan and others},
  journal={Netherlands Environmental Assessment Agency (PBL)},
  year={2014}
}

@article{calvin2019gcam,
  title={GCAM v5.1: representing the linkages between energy, water, land, climate, and economic systems},
  author={Calvin, Katherine and Patel, Pralit and Clarke, Leon and Asrar, Ghassem and Bond-Lamberty, Ben and Cui, Ryna Yiyun and Di Vittorio, Alan and Dorheim, Kalyn and Edmonds, Jae and Hartin, Corinne and others},
  journal={Geoscientific Model Development},
  volume={12},
  number={2},
  pages={677--698},
  year={2019},
  publisher={Copernicus GmbH}
}

@article{luderer2015description,
  title={Description of the REMIND model (Version 1.6)},
  author={Luderer, Gunnar and Leimbach, Marian and Bauer, Nico and Kriegler, Elmar and Baumstark, Lavinia and Bertram, Christoph and Giannousakis, Anastasis and Hilaire, J{\"e}r{\"{o}}me and Klein, David and Levesque, Antoine and others},
  journal={SSRN Electronic Journal},
  year={2015}
}

@article{riahi2017shared,
  title={The shared socioeconomic pathways and their energy, land use, and greenhouse gas emissions implications: an overview},
  author={Riahi, Keywan and Van Vuuren, Detlef P and Kriegler, Elmar and Edmonds, Jae and O'neill, Brian C and Fujimori, Shinichiro and Bauer, Nico and Calvin, Katherine and Dellink, Rob and Fricko, Oliver and others},
  journal={Global Environmental Change},
  volume={42},
  pages={153--168},
  year={2017},
  publisher={Elsevier}
}

@article{burandt2018big,
  title={Big data driven carbon emission reduction in smart cities: A framework for analyzing and implementing regional mitigation strategies},
  author={Burandt, Thorsten and Xiong, Bobby and LÃ¶ffler, Konstantin and Oei, Pao-Yu},
  journal={Journal of Cleaner Production},
  volume={197},
  pages={1259--1274},
  year={2018},
  publisher={Elsevier}
}

@article{creutzig2022demand,
  title={Demand-side solutions to climate change mitigation consistent with high levels of well-being},
  author={Creutzig, Felix and Niamir, Leila and Bai, Xuemei and Callaghan, Max and Cullen, Jonathan and D{\'i}az-Jos{\'e}, Julio and Figueroa, Maria and Grubler, Arnulf and Lamb, William F and Leip, Adrian and others},
  journal={Nature Climate Change},
  volume={12},
  number={1},
  pages={36--46},
  year={2022},
  publisher={Nature Publishing Group}
}

@article{box1976time,
  title={Time series analysis: forecasting and control},
  author={Box, George EP and Jenkins, Gwilym M},
  journal={Time Series Analysis: Forecasting and Control},
  year={1976},
  publisher={Holden-Day}
}

@article{hyndman2018forecasting,
  title={Forecasting: principles and practice},
  author={Hyndman, Rob J and Athanasopoulos, George},
  journal={OTexts},
  year={2018}
}

@article{taylor2018forecasting,
  title={Forecasting at scale},
  author={Taylor, Sean J and Letham, Benjamin},
  journal={The American Statistician},
  volume={72},
  number={1},
  pages={37--45},
  year={2018},
  publisher={Taylor \& Francis}
}

@inproceedings{salinas2020deepar,
  title={DeepAR: Probabilistic forecasting with autoregressive recurrent networks},
  author={Salinas, David and Flunkert, Valentin and Gasthaus, Jan and Januschowski, Tim},
  booktitle={International Journal of Forecasting},
  volume={36},
  number={3},
  pages={1181--1191},
  year={2020},
  organization={Elsevier}
}

@inproceedings{oreshkin2019n,
  title={N-BEATS: Neural basis expansion analysis for interpretable time series forecasting},
  author={Oreshkin, Boris N and Carpov, Dmitri and Chapados, Nicolas and Bengio, Yoshua},
  booktitle={International Conference on Learning Representations},
  year={2019}
}

@inproceedings{zhou2021informer,
  title={Informer: Beyond efficient transformer for long sequence time-series forecasting},
  author={Zhou, Haoyi and Zhang, Shanghang and Peng, Jieqi and Zhang, Shuai and Li, Jianxin and Xiong, Hui and Zhang, Wancai},
  booktitle={Proceedings of the AAAI Conference on Artificial Intelligence},
  volume={35},
  number={12},
  pages={11106--11115},
  year={2021}
}

@article{karali2020carbon,
  title={Carbon implications of marginal oils from market-driven crude oil refining baseline},
  author={Karali, Nihan and Khanna, Neha and Xu, Nikit and Repetto, Stephanie and Vaid, Shruti and McMahon, James E},
  journal={Applied Energy},
  volume={264},
  pages={114683},
  year={2020},
  publisher={Elsevier}
}

@article{yin2015china,
  title={China's carbon emission trading scheme: context, status quo, and future prospects},
  author={Yin, Haitao and Xie, Jianan and Li, Jingwei},
  journal={Climate Policy},
  volume={15},
  number={6},
  pages={817--838},
  year={2015},
  publisher={Taylor \& Francis}
}

@article{zeng2023transformers,
  title={Transformers in time series: A survey},
  author={Zeng, Qingsong and Chen, Juntang and Zhou, Liheng and Zhang, Ding and Wu, Chenxiao and Wen, Qingsong and Xie, Yuxi and Bian, Yuqiang and Rao, Yongming and Zhou, Jun and others},
  journal={arXiv preprint arXiv:2202.07125},
  year={2023}
}

@article{zhang2023crossformer,
  title={Crossformer: Transformer utilizing cross-dimension dependency for multivariate time series forecasting},
  author={Zhang, Yunhao and Yan, Junchi and Wen, Qi and Chen, Jinjie and Jiang, Yongchao and Gao, Yuxuan and Wu, Zhaoquan and Fu, Yongfu},
  journal={arXiv preprint arXiv:2303.04713},
  year={2023}
}

@article{smola2004tutorial,
  title={A tutorial on support vector regression},
  author={Smola, Alex J and Sch{\"o}lkopf, Bernhard},
  journal={Statistics and Computing},
  volume={14},
  number={3},
  pages={199--222},
  year={2004},
  publisher={Springer}
}

@article{breiman2001random,
  title={Random forests},
  author={Breiman, Leo},
  journal={Machine Learning},
  volume={45},
  number={1},
  pages={5--32},
  year={2001},
  publisher={Springer}
}

@article{friedman2001greedy,
  title={Greedy function approximation: a gradient boosting machine},
  author={Friedman, Jerome H},
  journal={Annals of Statistics},
  pages={1189--1232},
  year={2001},
  publisher={JSTOR}
}

@article{hochreiter1997long,
  title={Long short-term memory},
  author={Hochreiter, Sepp and Schmidhuber, J{\"u}rgen},
  journal={Neural Computation},
  volume={9},
  number={8},
  pages={1735--1780},
  year={1997},
  publisher={MIT Press}
}

@article{cho2014learning,
  title={Learning phrase representations using RNN encoder-decoder for statistical machine translation},
  author={Cho, Kyunghyun and Van Merri{\"e}nboer, Bart and Gulcehre, Caglar and Bahdanau, Dzmitry and Bougares, Fethi and Schwenk, Holger and Bengio, Yoshua},
  journal={arXiv preprint arXiv:1406.1078},
  year={2014}
}

@inproceedings{vaswani2017attention,
  title={Attention is all you need},
  author={Vaswani, Ashish and Shazeer, Noam and Parmar, Niki and Uszkoreit, Jakob and Jones, Llion and Gomez, Aidan N and Kaiser, {\L}ukasz and Polosukhin, Illia},
  booktitle={Advances in Neural Information Processing Systems},
  pages={5998--6008},
  year={2017}
}

@article{lim2021temporal,
  title={Temporal fusion transformers for interpretable multi-horizon time series forecasting},
  author={Lim, Bryan and Ar{\i}k, Sercan {\"O} and Loeff, Nicolas and Pfister, Tomas},
  journal={International Journal of Forecasting},
  volume={37},
  number={4},
  pages={1748--1764},
  year={2021},
  publisher={Elsevier}
}

@article{joshi2016review,
  title={A review on multi-sensor data fusion for object detection in autonomous vehicle applications},
  author={Joshi, Ashish and Saboo, Saket and Nair, Sujit and Vachhani, Leena},
  journal={IEEE Sensors Journal},
  volume={16},
  number={18},
  pages={6824--6836},
  year={2016},
  publisher={IEEE}
}

@article{hardoon2004canonical,
  title={Canonical correlation analysis: An overview with application to learning methods},
  author={Hardoon, David R and Szedmak, Sandor and Shawe-Taylor, John},
  journal={Neural Computation},
  volume={16},
  number={12},
  pages={2639--2664},
  year={2004},
  publisher={MIT Press}
}

@article{gonen2011multiple,
  title={Multiple kernel learning algorithms},
  author={G{\"o}nen, Mehmet and Alpayd{\i}n, Ethem},
  journal={Journal of Machine Learning Research},
  volume={12},
  number={Jul},
  pages={2211--2268},
  year={2011}
}

@article{baltruvsaitis2018multimodal,
  title={Multimodal machine learning: A survey and taxonomy},
  author={Baltru{\v{s}}aitis, Tadas and Ahuja, Chaitanya and Morency, Louis-Philippe},
  journal={IEEE Transactions on Pattern Analysis and Machine Intelligence},
  volume={41},
  number={2},
  pages={423--443},
  year={2018},
  publisher={IEEE}
}

@article{reichstein2019deep,
  title={Deep learning and process understanding for data-driven Earth system science},
  author={Reichstein, Markus and Camps-Valls, Gustau and Stevens, Bjorn and Jung, Martin and Denzler, Joachim and Carvalhais, Nuno and Prabhat},
  journal={Nature},
  volume={566},
  number={7743},
  pages={195--204},
  year={2019},
  publisher={Nature Publishing Group}
}

@article{wang2019social,
  title={Social sensing: A systematic quantitative review},
  author={Wang, Dong and Szymanski, Boleslaw K and Abdelzaher, Tarek and Ji, Heng and Kaplan, Lance},
  journal={ACM Transactions on Internet Technology (TOIT)},
  volume={19},
  number={3},
  pages={1--28},
  year={2019},
  publisher={ACM New York, NY, USA}
}

@article{xu2018multimodal,
  title={Multimodal deep learning for natural language processing},
  author={Xu, Nan and Mao, Wenji and Chen, Guandan},
  journal={ACM Computing Surveys (CSUR)},
  volume={54},
  number={9},
  pages={1--36},
  year={2018},
  publisher={ACM New York, NY, USA}
}

@article{wu2020connecting,
  title={Connecting the dots: Multivariate time series forecasting with graph neural networks},
  author={Wu, Zonghan and Pan, Shirui and Long, Guodong and Jiang, Jing and Chang, Xiaojun and Zhang, Chengqi},
  journal={Proceedings of the 26th ACM SIGKDD International Conference on Knowledge Discovery \& Data Mining},
  pages={753--763},
  year={2020}
}